@article{Collaboration2008TheLHC,
      title = {{The LHCb Detector at the LHC}}, 
      year = {2008},
      journal = {Journal of Instrumentation},
      author = {Collaboration, The LHCb and Jr}, 
      number = {08},
      pages = {S08005}, 
      volume = {3},
      url = {http://stacks.iop.org/1748-0221/3/i=08/a=S08005}
}

@book{Barbosa-Marinho:504321,
      author        = "Barbosa-Marinho, P R",
      publisher     = "CERN",
      collaboration = "LHCb Collaboration",
      address       = "Geneva",
      series        = "Technical Design Report LHCb",
      year          = "2001",
      url           = "http://cds.cern.ch/record/504321",
}

@techreport{Kucharczyk:1756296,
      author        = "Kucharczyk, Marcin and Morawski, Piotr and Witek, Mariusz",
      title         = "{Primary Vertex Reconstruction at LHCb}",
      institution   = "CERN",
      address       = "Geneva",
      number        = "LHCb-PUB-2014-044. CERN-LHCb-PUB-2014-044",
      month         = "Sep",
      year          = "2014",
      reportNumber  = "LHCb-PUB-2014-044",
      url           = "https://cds.cern.ch/record/1756296",
}

@misc{LHCb2012TrackingLHCb,
      title = {{Tracking strategies used in LHCb}},
      year = {2012},
      author = {{LHCb}},
      url = {https://twiki.cern.ch/twiki/bin/view/LHCb/LHCbTrackingStrategies}
}

@article{Hennessy2016LHCbUpgrade,
      title = {{LHCb VELO Upgrade}},
      year = {2016},
      author = {Hennessy, Karol},
      month = {4},
      url = {http://arxiv.org/abs/1604.05045 http://dx.doi.org/10.1016/j.nima.2016.04.077},
      doi = {10.1016/j.nima.2016.04.077},
      arxivId = {1604.05045} 
}

@techreport{Collaboration:1624070,
      author        = "LHCb Collaboration",
      title         = "{LHCb VELO Upgrade Technical Design Report}",
      number        = "CERN-LHCC-2013-021. LHCB-TDR-013",
      month         = "Nov",
      year          = "2013",
      reportNumber  = "CERN-LHCC-2013-021",
      url           = "https://cds.cern.ch/record/1624070",
}

@techreport{Bird:1620453,
      author        = "Bird, T and Britton, T and Callot, O and Coco, V and
                       Collins, P and Evans, T and Head, T and Hennessy, K and
                       Hulsbergen, W and Hynds, D and Jalocha, P and John, M and
                       Ketel, T and Kucharczyk, M and Martinez-Santos, D and Qian,
                       W and Rinnert, K and Schindler, H and Skwarnicki, T and
                       Snoek, H and Tsopelas, P and Vieira, D",
      title         = "{VP Simulation and Track Reconstruction}",
      institution   = "CERN",
      address       = "Geneva",
      number        = "LHCb-PUB-2013-018. CERN-LHCb-PUB-2013-018",
      month         = "Oct",
      year          = "2013",
      reportNumber  = "LHCb-PUB-2013-018",
      url           = "http://cds.cern.ch/record/1620453",
}

@article{TURING1950I.COMPUTINGINTELLIGENCE, 
      title = {{I.â€”COMPUTING MACHINERY AND INTELLIGENCE}},
      year = {1950},
      journal = {Mind},
      author = {TURING, A M},
      number = {236},
      month = {10},
      pages = {433--460},
      volume = {LIX},
      url = {http://dx.doi.org/10.1093/mind/LIX.236.433},
      issn = {0026-4423}
}

@book{Minsky1969Perceptrons:Geometry,
      title = {{Perceptrons: an introduction to computational geometry}}, 
      year = {1969},
      author = {Minsky, Marvin and Papert, Seymour},
      publisher = {The MIT Press},
      isbn = {0262630222} 
}

@article{Rumelhart1986LearningErrors,
      title = {{Learning representations by back-propagating errors}}, 
      year = {1986},
      journal = {Nature},
      author = {Rumelhart, David E and Hinton, Geoffrey E and Williams, Ronald J},
      month = {10}, 
      pages = {533},
      volume = {323}, 
      publisher = {Nature Publishing Group},
      url = {http://dx.doi.org/10.1038/323533a0 10.1038/323533a0}
}

@article{Hornik1991ApproximationNetworks,
      title = {{Approximation capabilities of multilayer feedforward networks}},
      year = {1991}, 
      journal = {Neural Networks},
      author = {Hornik, Kurt}, 
      number = {2}, 
      month = {1},
      pages = {251--257}, 
      volume = {4}, 
      publisher = {Pergamon},
      url = {https://www.sciencedirect.com/science/article/pii/089360809190009T?via\%3Dihub}, 
      doi = {10.1016/0893-6080(91)90009-T}, 
      issn = {0893-6080}
}

@incollection{LeCun1990HandwrittenNetwork, 
      title = {{Handwritten Digit Recognition with a Back-Propagation Network}},
      year = {1990},
      booktitle = {Advances in Neural Information Processing Systems 2},
      author = {LeCun, Yann and Boser, Bernhard E and Denker, John S and Henderson, Donnie and Howard, R E and Hubbard, Wayne E and Jackel, Lawrence D},
      editor = {Touretzky, D S}, 
      pages = {396--404}, 
      publisher = {Morgan-Kaufmann},
      url = {http://papers.nips.cc/paper/293-handwritten-digit-recognition-with-a-back-propagation-network.pdf} 
    
}

@article{Campbell2002DeepBlue, 
      title = {{Deep Blue}},
      year = {2002}, 
      journal = {Artificial Intelligence},
      author = {Campbell, Murray and Hoane, A.Joseph and Hsu, Feng-hsiung},
      number = {1-2},
      month = {1},
      pages = {57--83}, 
      volume = {134},
      publisher = {Elsevier},
      url = {https://www.sciencedirect.com/science/article/pii/S0004370201001291},
      doi = {10.1016/S0004-3702(01)00129-1},
      issn = {0004-3702} 
}

@inproceedings{Bengio2006GreedyNetworks,
      title = {{Greedy Layer-wise Training of Deep Networks}},
      year = {2006},
      booktitle = {Proceedings of the 19th International Conference on Neural Information Processing Systems}, 
      author = {Bengio, Yoshua and Lamblin, Pascal and Popovici, Dan and Larochelle, Hugo},
      pages = {153--160}, 
      series = {NIPS'06}, publisher = {MIT Press},
      url = {http://dl.acm.org/citation.cfm?id=2976456.2976476},
      address = {Cambridge, MA, USA}
}

@article{Bozzi:2298181,
      author        = "Bozzi, C and Roiser, S",
      title         = "{The LHCb software and computing upgrade for Run 3:
                       opportunities and challenges}",
      journal       = "J. Phys. : Conf. Ser.",
      collaboration = "LHCb",
      number        = "11",
      volume        = "898",
      pages         = "112002. 8 p",
      year          = "2017",
      url           = "https://cds.cern.ch/record/2298181",
}